2484 4167
689 84 692 104 .
786 72 795 133 t
955 91 956 99 t

282 190 331 260 Bt
347 183 555 276 chronologia
573 186 757 258 Herodotum
940 194 1003 277 ης
1107 160 1110 181 ’

37 362 344 470 alloginrtannit‚
370 374 457 473 quia
473 368 792 453 consentientibus
820 368 1036 459 omnibus„
1163 400 1166 409 ⁴

35 489 182 546 vetemm
199 470 467 572 chronologis,
493 466 575 571 ipso
592 472 749 571 quotane
761 470 1000 571 appollotlo·

35 586 69 641 to
84 566 117 643 st
132 569 391 663 Eratosthene,
417 571 531 645 Troia
553 564 793 671 ottogesmo
815 591 900 661 ante
931 572 1000 649 Pe·
1023 568 1041 579 ‘
1115 626 1118 633 ,

35 662 265 761 loponnesom
282 666 327 749 ab
346 666 554 746 Heraclidis
572 665 762 747 devislum
782 688 884 745 anno
907 668 1000 747 dici·

36 778 80 835 tnr
96 761 237 848 eversa,
283 767 429 845 eversio
458 767 552 845 baec
581 771 621 847 in
652 790 791 845 annom
812 766 1006 869 Julianum·

37 877 110 949 3528
135 862 246 958 (Job.
275 868 333 945 Fr.
359 860 1002 961 2996tanteChrillom1186‘inel·
1065 932 1070 946 ,
1192 922 1194 933 ·

36 959 123 1035 dit&
142 985 320 1042 numeros
336 962 493 1054 biennio
518 984 660 1044 tantum
687 962 810 1041 diflert
835 962 880 1045 ab
907 986 1002 1067 epo·
1112 1064 1113 1071 Ν

36 1060 107 1154 elta,
130 1057 188 1139 his
215 1088 235 1141 a
263 1060 471 1142 duumuiris
498 1060 587 1144 huic
615 1062 865 1141 celeberrimo
890 1086 1006 1143 even·
1082 1102 1084 1107 >

35 1159 76 1232 tui
96 1155 242 1244 tributi.
1044 1216 1046 1221 -

113 1262 185 1337 vix
202 1262 391 1353 eredimus
402 1275 610 1360 erraturos,
636 1255 1004 1362 hancpntantesme-
1172 1268 1176 1277 ‘

35 1353 174 1437 rhodum
194 1359 319 1456 soille,
345 1378 418 1458 qun
440 1352 494 1435 ost
519 1354 602 1436 sont
627 1358 682 1437 illi
703 1356 933 1461 chronologi
963 1362 1008 1436 itt·

36 1460 258 1555 temporibus·
280 1457 339 1536 bis
371 1459 647 1557 computandis.
686 1455 770 1537 Sed
799 1457 1004 1536 methodos

36 1549 111 1632 haec
126 1560 217 1639 vitio
236 1558 392 1637 laborat.
445 1559 535 1633 Non
553 1558 656 1635 enim
668 1558 1003 1635 animadverterant

37 1646 149 1733 summi
167 1658 208 1737 hi
226 1652 318 1753 viri,
342 1653 599 1753 antiquilltmis
616 1656 810 1756 longiores
822 1647 925 1736 luisse
938 1660 1009 1756 ge·'

37 1760 228 1837 necationes
244 1750 500 1855 temporibus,
526 1747 580 1832 ob
596 1750 731 1831 seriora
748 1756 1005 1855 ma'trintoniaj

37 1844 85 1926 sed
97 1864 223 1934 omnia
252 1857 303 1934 stc
331 1852 484 1952 asemper
525 1856 578 1929 uti
603 1848 664 1928 sua
690 1846 856 1953 ipsorum
888 1870 1007 1951 aetate

38 1941 119 2029 sutile
136 1974 323 2054 putarunt.
355 1953 595 2029 ⁴Herodotus
620 1946 801 2029 subtiliori
833 1972 920 2029 cum
947 1950 1007 2025 iu·

40 2044 120 2129 dicio
136 2054 289 2156 scripsit,
313 2053 401 2152 qui,
428 2070 656 2149 quamquam
665 2044 735 2125 suis
753 2044 1007 2148 temporibus

39 2146 144 2231 &iam
157 2154 276 2253 longe
295 2170 381 2229 ante
409 2149 498 2225 eum
525 2144 827 2247 generationibus
859 2148 1008 2245 triginta
1113 2190 1115 2198 ι

39 2249 132 2349 vulgo
150 2249 408 2331 tribuebantur
434 2249 541 2340 anni,
571 2267 697 2324 tamen
724 2266 867 2340 veteres
892 2245 1008 2323 retnis
1061 2320 1063 2323 ,

39 2337 127 2425 seculi
147 2354 385 2429 dotationem
403 2342 564 2424 tribuisse
583 2345 852 2441 animadvertit,
865 2370 912 2421 ex
926 2364 1006 2445 quo

40 2439 142 2525 seculo
158 2449 389 2537 Herodoteo
398 2445 684 2545 generationum
696 2444 907 2520 dotationes
923 2440 1018 2521 bre·x

40 2542 143 2625 viores
159 2548 263 2627 luille
281 2552 353 2624 iant
377 2543 504 2642 colligi
527 2540 667 2639 potest,
702 2564 769 2617 eur
790 2535 1007 2617 enimstsuo

40 2634 143 2724 leculo
167 2641 473 2751 generationibus
492 2643 638 2741 triginta
667 2662 739 2719 tres
767 2641 851 2715 anni
881 2635 1011 2716 tributi

39 2734 227 2834 smnillud
259 2742 584 2835 animadvertent,
619 2761 697 2815 non
725 2739 915 2827 videmus,
947 2735 1009 2813 cui

41 2844 122 2920 enirn
140 2844 249 2927 bono
270 2845 306 2919 id
339 2836 495 2934 fecisset,
525 2861 565 2913 re
595 2835 775 2933 omnibus
805 2833 1008 2924 notilsrmal

40 2934 96 3018 Sed
119 2941 365 3024 matrimoniis
383 2960 471 3014 tunc
493 2936 678 3036 temporis
693 2937 764 3011 iarn
793 2935 1011 3012 maturiori·
1121 3018 1123 3031 Ι

40 3026 113 3124 bus,
137 3044 286 3123 coaevis
311 3034 510 3125 necessario
538 3034 873 3134 debuit-indicate,
907 3055 1011 3109 tem·

40 3153 117 3230 pota
135 3146 282 3241 antiqua
296 3128 496 3214 secundom
511 3136 673 3210 rationes
690 3137 856 3229 antiquas
873 3126 1008 3231 ab'ipffi

42 3255 258 3339 computata,
284 3236 320 3314 bt
344 3231 538 3312 serioribos
558 3232 797 3331 antiquorum
819 3236 1012 3313 matrimo-
1079 3302 1087 3315 ,

42 3335 99 3412 niis
115 3342 307 3438 longiores
333 3335 483 3411 illorum
501 3333 761 3425 generationes
778 3325 1012 3428 effici‚quam
1101 3343 1105 3362 ¹

43 3444 278 3516 recentiorum
300 3430 535 3510 matrimonia
560 3433 836 3506 maturantiutn.
889 3424 1014 3508 Diser-

43 3530 81 3622 tis
94 3536 246 3637 quidem
262 3531 384 3609 uerbis
401 3550 481 3604 non
500 3527 677 3631 indicavit
693 3530 928 3621 Herodotus,
956 3520 1026 3605 suit·
1147 3570 1174 3621 ,ι

44 3620 138 3716 seculi
152 3634 414 3739 generationes
433 3646 627 3801 tetncgrum
645 3627 789 3731 ratitum
807 3615 1014 3735 decenjnio‘-
1056 3636 1058 3646 '

450 3798 453 3803 .
584 3754 638 3829 2¹
730 3735 738 3774 ³
932 3746 1018 3808 rum
